<?xml version="1.0" encoding="UTF-8"?><collection xmlns="http://www.loc.gov/MARC21/slim"><record><leader>00573nam--2200169-i-4500</leader><controlfield tag="001">000008965</controlfield><controlfield tag="002">20161230</controlfield><controlfield tag="005">20161230201028</controlfield><controlfield tag="008">060222s1000------------r-----000-0-eng-d</controlfield><datafield ind1=" " ind2=" " tag="040"><subfield code="a">IFIN-HH</subfield></datafield><datafield ind1=" " ind2=" " tag="080"><subfield code="a">539.183.2</subfield></datafield><datafield ind1="1" ind2=" " tag="100"><subfield code="a">Barber,R.C</subfield></datafield><datafield ind1="1" ind2="0" tag="245"><subfield code="a">Atomic masses</subfield><subfield code="b">Proceedings of the third intinternational conference on atomic masses, unversity of manitoba, winnipeg, canada, august 28-september 1, 1967</subfield><subfield code="c">R.c. barber (ed.)</subfield></datafield><datafield ind1=" " ind2=" " tag="260"><subfield code="a">Manitoba</subfield><subfield code="b">University Of Manitoba Press</subfield><subfield code="c">1967</subfield></datafield><datafield ind1=" " ind2=" " tag="300"><subfield code="a">XIV + 901 P</subfield></datafield><datafield ind1=" " ind2=" " tag="852"><subfield code="a">31266</subfield><subfield code="c">539.16</subfield></datafield><datafield ind1=" " ind2=" " tag="CAT"><subfield code="a">Sys</subfield><subfield code="c">20120514</subfield><subfield code="h">164621</subfield></datafield></record></collection>